@article{xu2019,
  author    = {Xu Ji and
               Jo{\~{a}}o F. Henriques and
               Andrea Vedaldi},
  title     = {Invariant Information Distillation for Unsupervised Image Segmentation
               and Clustering},
  journal   = {CoRR},
  volume    = {abs/1807.06653},
  year      = {2018},
  url       = {http://arxiv.org/abs/1807.06653},
  archivePrefix = {arXiv},
  eprint    = {1807.06653},
  timestamp = {Mon, 13 Aug 2018 16:48:39 +0200},
  biburl    = {https://dblp.org/rec/bib/journals/corr/abs-1807-06653},
  bibsource = {dblp computer science bibliography, https://dblp.org}
}

@article{jean2019,
  author    = {Neal Jean and
               Sherrie Wang and
               Anshul Samar and
               George Azzari and
               David B. Lobell and
               Stefano Ermon},
  title     = {Tile2Vec: Unsupervised representation learning for spatially distributed
               data},
  journal   = {CoRR},
  volume    = {abs/1805.02855},
  year      = {2018},
  url       = {http://arxiv.org/abs/1805.02855},
  archivePrefix = {arXiv},
  eprint    = {1805.02855},
  timestamp = {Mon, 13 Aug 2018 16:48:47 +0200},
  biburl    = {https://dblp.org/rec/bib/journals/corr/abs-1805-02855},
  bibsource = {dblp computer science bibliography, https://dblp.org}
}

@article{radford2019language,
	title={Language Models are Unsupervised Multitask Learners},
	author={Radford, Alec and Wu, Jeff and Child, Rewon and Luan, David and Amodei, Dario and Sutskever, Ilya},
	year={2019}
}

@article{Devlin2018bert,
	author    = {Jacob Devlin and
	Ming{-}Wei Chang and
	Kenton Lee and
	Kristina Toutanova},
	title     = {{BERT:} Pre-training of Deep Bidirectional Transformers for Language
	Understanding},
	journal   = {CoRR},
	volume    = {abs/1810.04805},
	year      = {2018},
	url       = {http://arxiv.org/abs/1810.04805},
	archivePrefix = {arXiv},
	eprint    = {1810.04805},
	timestamp = {Tue, 30 Oct 2018 20:39:56 +0100},
	biburl    = {https://dblp.org/rec/bib/journals/corr/abs-1810-04805},
	bibsource = {dblp computer science bibliography, https://dblp.org}
}